<?xml version="1.0" encoding="UTF-8"?><collection xmlns="http://www.loc.gov/MARC21/slim"><record><leader>00463nam--2200157-i-4500</leader><controlfield tag="001">000029983</controlfield><controlfield tag="002">20161230</controlfield><controlfield tag="005">20170110231936</controlfield><controlfield tag="008">060222s1000------------r-----000-0-eng-d</controlfield><datafield ind1=" " ind2=" " tag="100"><subfield code="a">Kvale, Anders</subfield></datafield><datafield ind1=" " ind2=" " tag="245"><subfield code="a">Seismic Refraction Measurements On The Norwegian Continental Shelf At 63 Gr.North, 06 Gr.30`Est</subfield></datafield><datafield ind1=" " ind2=" " tag="260"><subfield code="a">Bergen</subfield><subfield code="b">Universitetet</subfield><subfield code="c">1966</subfield></datafield><datafield ind1=" " ind2=" " tag="300"><subfield code="a">23+dif.p</subfield></datafield><datafield ind1=" " ind2=" " tag="700"><subfield code="a">Gammelsaeter, Harald</subfield></datafield><datafield ind1=" " ind2=" " tag="852"><subfield code="a">550.34(481)</subfield></datafield><datafield ind1=" " ind2=" " tag="CAT"><subfield code="a">SYS</subfield><subfield code="c">20170110</subfield><subfield code="h">231936</subfield></datafield></record></collection>